<record><leader>00000cas a22000007a 4500</leader><controlfield tag="001">22289182</controlfield><controlfield tag="008">900828d195919uunyuwr ne      0    0eng d</controlfield><datafield ind1=" " ind2=" " tag="010"><subfield code="a">sn 90066500 </subfield></datafield><datafield ind1=" " ind2=" " tag="040"><subfield code="a">NYS</subfield><subfield code="b">eng</subfield><subfield code="c">NYS</subfield><subfield code="d">OCLCQ</subfield></datafield><datafield ind1=" " ind2=" " tag="042"><subfield code="a">msc</subfield></datafield><datafield ind1="0" ind2="0" tag="245"><subfield code="a">Southern Cayuga tribune and the Union Springs news.</subfield></datafield><datafield ind1=" " ind2=" " tag="260"><subfield code="a">King Ferry, N.Y. :</subfield><subfield code="b">Donald W. &amp; Ruth S. Alvord</subfield></datafield><datafield ind1=" " ind2=" " tag="300"><subfield code="a">v.</subfield></datafield><datafield ind1=" " ind2=" " tag="310"><subfield code="a">Weekly</subfield></datafield><datafield ind1="0" ind2=" " tag="362"><subfield code="a">Vol. 71, no. 49 (Sept. 3, 1959)-</subfield></datafield><datafield ind1=" " ind2="4" tag="651"><subfield code="a">King Ferry (N.Y.)</subfield><subfield code="v">Newspapers.</subfield></datafield><datafield ind1=" " ind2="4" tag="651"><subfield code="a">Union Springs (N.Y.)</subfield><subfield code="v">Newspapers.</subfield></datafield><datafield ind1=" " ind2=" " tag="752"><subfield code="a">United States</subfield><subfield code="b">New York</subfield><subfield code="c">Cayuga</subfield><subfield code="d">King Ferry.</subfield></datafield><datafield ind1="0" ind2="4" tag="780"><subfield code="t">Southern Cayuga tribune and the Genoa tribune</subfield><subfield code="w">(DLC)sn 90066099</subfield></datafield><datafield ind1="0" ind2="4" tag="780"><subfield code="t">Union Springs news</subfield><subfield code="w">(DLC)sn 90066528</subfield><subfield code="w">(OCoLC)22407025</subfield></datafield><datafield ind1="1" ind2=" " tag="029"><subfield code="a">AU@</subfield><subfield code="b">000025868878</subfield></datafield></record>